@article{azevedo2009equal,
  title={Equal numbers of neuronal and nonneuronal cells make the human brain an isometrically scaled-up primate brain},
  author={Azevedo, Frederico AC and Carvalho, Ludmila RB and Grinberg, Lea T and Farfel, Jos{\'e} Marcelo and Ferretti, Renata EL and Leite, Renata EP and Lent, Roberto and Herculano-Houzel, Suzana and others},
  journal={Journal of Comparative Neurology},
  volume={513},
  number={5},
  pages={532--541},
  year={2009},
  publisher={Wiley Online Library}
}
@article{marx2013neuroscience,
  title={Neuroscience waves to the crowd},
  author={Marx, Vivien},
  journal={Nature methods},
  volume={10},
  number={11},
  pages={1069--1074},
  year={2013},
  publisher={Nature Publishing Group}
}