@article{xie2013sleep,
  title={Sleep drives metabolite clearance from the adult brain},
  author={Xie, Lulu and Kang, Hongyi and Xu, Qiwu and Chen, Michael J and Liao, Yonghong and Thiyagarajan, Meenakshisundaram and Oâ€™Donnell, John and Christensen, Daniel J and Nicholson, Charles and Iliff, Jeffrey J and others},
  journal={science},
  volume={342},
  number={6156},
  pages={373--377},
  year={2013},
  publisher={American Association for the Advancement of Science},
  doi={10.1126/science.1241224}
}
@misc{ledoux_amygdala_2015,
	title = {The {Amygdala} {Is} {NOT} the {Brain}'s {Fear} {Center}},
	url = {https://www.psychologytoday.com/blog/i-got-mind-tell-you/201508/the-amygdala-is-not-the-brains-fear-center},
	abstract = {Separating findings from conclusions},
	urldate = {2015-08-30},
	journal = {Psychology Today},
	author = {LeDoux, Joseph},
	year = {2015},
	month = {Aug},
	day = {10},
	file = {Snapshot:/Users/rick/Library/Application Support/Zotero/Profiles/isqcn0ks.default/zotero/storage/V4R7N3GG/the-amygdala-is-not-the-brains-fear-center.html:text/html}
}